

<record>
  <leader>00837nam a2200265   4500</leader>
  <controlfield tag="001">BIBLIOPAC-010846</controlfield>
  <controlfield tag="005">20161123142943.0</controlfield>
  <controlfield tag="008">140721s2014    bl     f     0000 0 spa  </controlfield>
  <datafield tag="082" ind1="1" ind2=" ">
    <subfield code="a">301.2 </subfield>
  </datafield>
  <datafield tag="090" ind1=" " ind2=" ">
    <subfield code="a">301.2 </subfield>
    <subfield code="b">P852q </subfield>
  </datafield>
  <datafield tag="100" ind1="1" ind2=" ">
    <subfield code="a">Portillho, José López </subfield>
  </datafield>
  <datafield tag="245" ind1="1" ind2="0">
    <subfield code="a">Quetzalcoatl / </subfield>
    <subfield code="c">José López Portillho, Demetrio Sodi e Fernando Díaz Infante. </subfield>
  </datafield>
  <datafield tag="260" ind1=" " ind2=" ">
    <subfield code="a">México: </subfield>
    <subfield code="b">Secretaría de Asentamientos Humanos y Obras Públicas,  </subfield>
    <subfield code="c">1977. </subfield>
  </datafield>
  <datafield tag="300" ind1=" " ind2=" ">
    <subfield code="a">245 p. : </subfield>
    <subfield code="b">il. color.</subfield>
  </datafield>
  <datafield tag="500" ind1=" " ind2=" ">
    <subfield code="a">Inclui índice. </subfield>
  </datafield>
  <datafield tag="504" ind1=" " ind2=" ">
    <subfield code="a">Inclui bibliografia:  p. 232 - 233. </subfield>
  </datafield>
  <datafield tag="650" ind1=" " ind2="0">
    <subfield code="a">Arqueologia.</subfield>
  </datafield>
  <datafield tag="650" ind1=" " ind2="0">
    <subfield code="a">Etno-história. </subfield>
  </datafield>
  <datafield tag="650" ind1=" " ind2="0">
    <subfield code="a">Quetzalcoatl. </subfield>
  </datafield>
  <datafield tag="650" ind1=" " ind2="0">
    <subfield code="a">Toltecas. </subfield>
  </datafield>
  <datafield tag="650" ind1=" " ind2="0">
    <subfield code="a">Serpente de plumas.</subfield>
  </datafield>
  <datafield tag="650" ind1=" " ind2="0">
    <subfield code="a">Crença. </subfield>
  </datafield>
  <datafield tag="700" ind1="1" ind2=" ">
    <subfield code="a">Sodi, Demetrio  e Infante, Fernando Díaz . </subfield>
  </datafield>
  <datafield tag="942" ind1=" " ind2=" ">
    <subfield code="c">L</subfield>
  </datafield>
  <datafield tag="999" ind1=" " ind2=" ">
    <subfield code="c">17556</subfield>
    <subfield code="d">17556</subfield>
  </datafield>
  <datafield tag="952" ind1=" " ind2=" ">
    <subfield code="0">0</subfield>
    <subfield code="1">0</subfield>
    <subfield code="4">0</subfield>
    <subfield code="6">301_200000000000000_P852Q</subfield>
    <subfield code="7">0</subfield>
    <subfield code="8">G</subfield>
    <subfield code="9">23778</subfield>
    <subfield code="a">sdin</subfield>
    <subfield code="b">sdin</subfield>
    <subfield code="d">2016-11-23</subfield>
    <subfield code="l">0</subfield>
    <subfield code="o">301.2 P852q </subfield>
    <subfield code="p">80-0386 </subfield>
    <subfield code="r">2016-11-23</subfield>
    <subfield code="w">2016-11-23</subfield>
    <subfield code="y">L</subfield>
  </datafield>
</record>