

<record>
  <leader>00631nam a2200217   4500</leader>
  <controlfield tag="001">BIBLIOPAC-010813</controlfield>
  <controlfield tag="005">20161123142939.0</controlfield>
  <controlfield tag="008">140716s2014    bl     f     0000 0 spa  </controlfield>
  <datafield tag="082" ind1="1" ind2=" ">
    <subfield code="a">301.2</subfield>
  </datafield>
  <datafield tag="090" ind1=" " ind2=" ">
    <subfield code="a">301.2</subfield>
    <subfield code="b">R845p</subfield>
  </datafield>
  <datafield tag="100" ind1="1" ind2=" ">
    <subfield code="a">Rothacker, Erich</subfield>
  </datafield>
  <datafield tag="245" ind1="1" ind2="0">
    <subfield code="a">Problemas de antropología cultural : </subfield>
    <subfield code="c">Erich Rothacker; tradução de  J. Rovira Armengol.</subfield>
  </datafield>
  <datafield tag="260" ind1=" " ind2=" ">
    <subfield code="a">Buenos Aires : </subfield>
    <subfield code="b">Fondo de Cultura Econômica, </subfield>
    <subfield code="c">1957.</subfield>
  </datafield>
  <datafield tag="300" ind1=" " ind2=" ">
    <subfield code="a">196p.</subfield>
  </datafield>
  <datafield tag="490" ind1="0" ind2=" ">
    <subfield code="a">Obras de filosofia</subfield>
  </datafield>
  <datafield tag="505" ind1=" " ind2="0">
    <subfield code="a">Inclui índice.</subfield>
  </datafield>
  <datafield tag="650" ind1=" " ind2="4">
    <subfield code="a">Cultura.</subfield>
  </datafield>
  <datafield tag="650" ind1=" " ind2="4">
    <subfield code="a">Homem</subfield>
    <subfield code="x">Ambiente.</subfield>
  </datafield>
  <datafield tag="700" ind1="1" ind2=" ">
    <subfield code="a"> Armengol,  J. Rovira</subfield>
  </datafield>
  <datafield tag="942" ind1=" " ind2=" ">
    <subfield code="c">L</subfield>
  </datafield>
  <datafield tag="999" ind1=" " ind2=" ">
    <subfield code="c">17523</subfield>
    <subfield code="d">17523</subfield>
  </datafield>
  <datafield tag="952" ind1=" " ind2=" ">
    <subfield code="0">0</subfield>
    <subfield code="1">0</subfield>
    <subfield code="4">0</subfield>
    <subfield code="6">301_200000000000000_R845P</subfield>
    <subfield code="7">0</subfield>
    <subfield code="8">G</subfield>
    <subfield code="9">23744</subfield>
    <subfield code="a">sdin</subfield>
    <subfield code="b">sdin</subfield>
    <subfield code="d">2016-11-23</subfield>
    <subfield code="l">0</subfield>
    <subfield code="o">301.2 R845p</subfield>
    <subfield code="p">78-0464</subfield>
    <subfield code="r">2016-11-23</subfield>
    <subfield code="w">2016-11-23</subfield>
    <subfield code="y">L</subfield>
  </datafield>
</record>