

<record>
  <leader>00891nam a2200265   4500</leader>
  <controlfield tag="001">BIBLIOPAC-010963</controlfield>
  <controlfield tag="005">20161123142956.0</controlfield>
  <controlfield tag="008">140801s        bl     f     0000 0      </controlfield>
  <datafield tag="082" ind1="1" ind2=" ">
    <subfield code="a">301.442 </subfield>
  </datafield>
  <datafield tag="090" ind1=" " ind2=" ">
    <subfield code="a">301.442 </subfield>
    <subfield code="b">S395m </subfield>
  </datafield>
  <datafield tag="100" ind1="1" ind2=" ">
    <subfield code="a">Schusky, Ernest L. </subfield>
  </datafield>
  <datafield tag="245" ind1="1" ind2="0">
    <subfield code="a">Manual para análise de parentesco / </subfield>
    <subfield code="c">Ernest L. Schusky; tradução de Sylvia Caiuby Novaes; Organizado por George e Louise Spinder. </subfield>
  </datafield>
  <datafield tag="260" ind1=" " ind2=" ">
    <subfield code="a">São Paulo : </subfield>
    <subfield code="b">Pedagógica e universitária, </subfield>
    <subfield code="c">1973. </subfield>
  </datafield>
  <datafield tag="300" ind1=" " ind2=" ">
    <subfield code="a">xi, 146 p. : </subfield>
    <subfield code="b">il. </subfield>
  </datafield>
  <datafield tag="490" ind1="0" ind2=" ">
    <subfield code="a">Antropologia e sociologia</subfield>
  </datafield>
  <datafield tag="500" ind1=" " ind2=" ">
    <subfield code="a">Inclui índice. </subfield>
  </datafield>
  <datafield tag="504" ind1=" " ind2=" ">
    <subfield code="a">Inclui bibliografia: p. 139-146. </subfield>
  </datafield>
  <datafield tag="650" ind1=" " ind2="0">
    <subfield code="a">Antropologia. </subfield>
  </datafield>
  <datafield tag="650" ind1=" " ind2="0">
    <subfield code="a">Sistema</subfield>
    <subfield code="x">Parentesco. </subfield>
  </datafield>
  <datafield tag="650" ind1=" " ind2="0">
    <subfield code="a">Comportamento </subfield>
    <subfield code="x">Parentesco. </subfield>
  </datafield>
  <datafield tag="700" ind1="1" ind2=" ">
    <subfield code="a">Novaes, Sylvia Caiuby. </subfield>
    <subfield code="e">trad.</subfield>
  </datafield>
  <datafield tag="700" ind1="1" ind2=" ">
    <subfield code="a">George </subfield>
    <subfield code="e">org.</subfield>
  </datafield>
  <datafield tag="700" ind1="1" ind2=" ">
    <subfield code="a">Spinder, Louise. </subfield>
    <subfield code="e">org.</subfield>
  </datafield>
  <datafield tag="942" ind1=" " ind2=" ">
    <subfield code="c">L</subfield>
  </datafield>
  <datafield tag="999" ind1=" " ind2=" ">
    <subfield code="c">17673</subfield>
    <subfield code="d">17673</subfield>
  </datafield>
  <datafield tag="952" ind1=" " ind2=" ">
    <subfield code="0">0</subfield>
    <subfield code="1">0</subfield>
    <subfield code="4">0</subfield>
    <subfield code="6">301_442000000000000_S395M</subfield>
    <subfield code="7">0</subfield>
    <subfield code="8">G</subfield>
    <subfield code="9">23919</subfield>
    <subfield code="a">sdin</subfield>
    <subfield code="b">sdin</subfield>
    <subfield code="d">2016-11-23</subfield>
    <subfield code="l">0</subfield>
    <subfield code="o">301.442 S395m </subfield>
    <subfield code="p">76-2433 </subfield>
    <subfield code="r">2016-11-23</subfield>
    <subfield code="w">2016-11-23</subfield>
    <subfield code="y">L</subfield>
  </datafield>
</record>